%% This BibTeX bibliography file was created using BibDesk.
%% https://bibdesk.sourceforge.io/


%% Saved with string encoding Unicode (UTF-8) 

@ARTICLE{2024PhRvD.109j2004D,
       author = {{De Santi}, Federico and {Razzano}, Massimiliano and {Fidecaro}, Francesco and {Muccillo}, Luca and {Papalini}, Lucia and {Patricelli}, Barbara},
        title = "{Deep learning to detect gravitational waves from binary close encounters: Fast parameter estimation using normalizing flows}",
      journal = {Physical Review D},
     keywords = {General Relativity and Quantum Cosmology},
         year = 2024,
        month = may,
       volume = {109},
       number = {10},
          eid = {102004},
        pages = {102004},
          doi = {10.1103/PhysRevD.109.102004},
archivePrefix = {arXiv},
       eprint = {2404.12028},
 primaryClass = {gr-qc},
       adsurl = {https://ui.adsabs.harvard.edu/abs/2024PhRvD.109j2004D},
      adsnote = {Provided by the SAO/NASA Astrophysics Data System}
}

